<?xml version="1.0" encoding="UTF-8"?><collection xmlns="http://www.loc.gov/MARC21/slim"><record><leader>00467nam--2200169-i-4500</leader><controlfield tag="001">000030558</controlfield><controlfield tag="002">20161230</controlfield><controlfield tag="005">20161230201038</controlfield><controlfield tag="008">060222s1000------------r-----000-0-eng-d</controlfield><datafield ind1=" " ind2=" " tag="040"><subfield code="a">IFIN-HH</subfield></datafield><datafield ind1="1" ind2=" " tag="100"><subfield code="a">Lin, C.C</subfield></datafield><datafield ind1="1" ind2="0" tag="245"><subfield code="a">The theory of hydrodinamic stability</subfield><subfield code="c">C.c. lin</subfield></datafield><datafield ind1=" " ind2=" " tag="260"><subfield code="a">Cambridge, University Press, 1955</subfield></datafield><datafield ind1=" " ind2=" " tag="300"><subfield code="a">XII+156P</subfield></datafield><datafield ind1=" " ind2=" " tag="490"><subfield code="a">Cambridge Monographs On Mechanics And Application</subfield></datafield><datafield ind1=" " ind2=" " tag="852"><subfield code="a">11772</subfield><subfield code="c">532</subfield></datafield><datafield ind1=" " ind2=" " tag="CAT"><subfield code="a">Sys</subfield><subfield code="c">20100712</subfield><subfield code="h">153945</subfield></datafield></record></collection>